<record xmlns="http://www.loc.gov/MARC21/slim" xmlns:xsi="http://www.w3.org/2001/XMLSchema-instance" xsi:schemaLocation="http://www.loc.gov/MARC21/slim http://www.loc.gov/standards/marcxml/schema/MARC21slim.xsd"><leader>00335cz   2200121n  4500</leader><controlfield tag="001">oca01650780 </controlfield><controlfield tag="005">19931202173902.5</controlfield><controlfield tag="008">860811n| acannaab           |n aaa ||| c</controlfield><datafield ind1=" " ind2=" " tag="010"><subfield code="a">n  86130306 </subfield></datafield><datafield ind1=" " ind2=" " tag="040"><subfield code="a">NjP</subfield><subfield code="c">DLC</subfield><subfield code="d">DLC</subfield></datafield><datafield ind1="0" ind2=" " tag="100"><subfield code="a">Palladas,</subfield><subfield code="d">fl. 395-408.</subfield></datafield><datafield ind1=" " ind2=" " tag="670"><subfield code="a">His Palladas, 1984.</subfield></datafield><datafield ind1=" " ind2=" " tag="670"><subfield code="a">LC in RLIN, 4/18/86</subfield><subfield code="b">(hdg.: Palladas, fl. 395-408)</subfield></datafield></record>